<record><leader>00000cas a2200000 a 4500</leader><controlfield tag="001">32539637</controlfield><controlfield tag="008">950525d19711974cauwr ne      0    0eng c</controlfield><datafield ind1=" " ind2=" " tag="010"><subfield code="a">sn 95062763 </subfield></datafield><datafield ind1=" " ind2=" " tag="040"><subfield code="a">CUY</subfield><subfield code="b">eng</subfield><subfield code="c">CNK</subfield><subfield code="d">SXN</subfield><subfield code="d">NYS</subfield><subfield code="d">OCLCQ</subfield><subfield code="d">OCLCF</subfield><subfield code="d">OCLCO</subfield></datafield><datafield ind1="1" ind2=" " tag="029"><subfield code="a">AU@</subfield><subfield code="b">000011737975</subfield></datafield><datafield ind1=" " ind2=" " tag="042"><subfield code="a">pcc</subfield></datafield><datafield ind1=" " ind2=" " tag="043"><subfield code="a">n-us-ca</subfield></datafield><datafield ind1="0" ind2="4" tag="245"><subfield code="a">The Todd County tribune and eyapaha.</subfield></datafield><datafield ind1="3" ind2="0" tag="246"><subfield code="a">Todd County tribune and the Mellette County news</subfield></datafield><datafield ind1="3" ind2="0" tag="246"><subfield code="a">Mellette County news and the Todd County tribune</subfield></datafield><datafield ind1=" " ind2=" " tag="260"><subfield code="a">Mission, Todd County, S.D. :</subfield><subfield code="b">Figert Print.</subfield></datafield><datafield ind1=" " ind2=" " tag="300"><subfield code="a">v. ;</subfield><subfield code="c">57 cm.</subfield></datafield><datafield ind1=" " ind2=" " tag="310"><subfield code="a">Weekly</subfield></datafield><datafield ind1="0" ind2=" " tag="362"><subfield code="a">Vol. 51, no. 33 (June 10, 1971)-v. 54, no. 52 (Oct. 17, 1974).</subfield></datafield><datafield ind1=" " ind2=" " tag="500"><subfield code="a">Contains unnumbered section called: Eyapaha, Rosebud Sioux herald, June-Sept. 9, 1971; and: Eyapaha news, Sept. 16, 1971-May 10, 1973.</subfield></datafield><datafield ind1=" " ind2=" " tag="500"><subfield code="a">Todd County tribune and eyapaha, and: Mellette County news and eyapaha, appear to be identical newspapers except for mastheads.</subfield></datafield><datafield ind1=" " ind2=" " tag="500"><subfield code="a">"Bi-county news coverage."</subfield></datafield><datafield ind1=" " ind2=" " tag="530"><subfield code="a">Available on microfilm from: State Archives, South Dakota State Historical Society.</subfield></datafield><datafield ind1=" " ind2=" " tag="580"><subfield code="a">Formed by the union of: Todd County tribune (Mission, S.D. : 1921), and: Rosebud Sioux herald.</subfield></datafield><datafield ind1="2" ind2="0" tag="610"><subfield code="a">Rosebud Sioux Tribe</subfield><subfield code="v">Newspapers.</subfield></datafield><datafield ind1=" " ind2="0" tag="650"><subfield code="a">Indians of North America</subfield><subfield code="z">South Dakota</subfield><subfield code="v">Newspapers.</subfield></datafield><datafield ind1=" " ind2="0" tag="650"><subfield code="a">Dakota Indians</subfield><subfield code="z">South Dakota</subfield><subfield code="v">Newspapers.</subfield></datafield><datafield ind1=" " ind2="0" tag="651"><subfield code="a">Mission (S.D.)</subfield><subfield code="v">Newspapers.</subfield></datafield><datafield ind1=" " ind2="0" tag="651"><subfield code="a">Todd County (S.D.)</subfield><subfield code="v">Newspapers.</subfield></datafield><datafield ind1=" " ind2="0" tag="651"><subfield code="a">White River (S.D.)</subfield><subfield code="v">Newspapers.</subfield></datafield><datafield ind1=" " ind2="0" tag="651"><subfield code="a">Mellette County (S.D.)</subfield><subfield code="v">Newspapers.</subfield></datafield><datafield ind1=" " ind2="0" tag="651"><subfield code="a">Rosebud Indian Reservation (S.D.)</subfield><subfield code="v">Newspapers.</subfield></datafield><datafield ind1=" " ind2="7" tag="655"><subfield code="a">Newspapers.</subfield><subfield code="2">fast</subfield><subfield code="0">(OCoLC)fst01423814</subfield></datafield><datafield ind1="2" ind2="7" tag="610"><subfield code="a">Rosebud Sioux Tribe of the Rosebud Indian Reservation.</subfield><subfield code="2">fast</subfield><subfield code="0">(OCoLC)fst01725071</subfield></datafield><datafield ind1=" " ind2="7" tag="650"><subfield code="a">Dakota Indians.</subfield><subfield code="2">fast</subfield><subfield code="0">(OCoLC)fst00887107</subfield></datafield><datafield ind1=" " ind2="7" tag="650"><subfield code="a">Indians of North America.</subfield><subfield code="2">fast</subfield><subfield code="0">(OCoLC)fst00969633</subfield></datafield><datafield ind1=" " ind2="7" tag="651"><subfield code="a">South Dakota.</subfield><subfield code="2">fast</subfield><subfield code="0">(OCoLC)fst01204322</subfield></datafield><datafield ind1=" " ind2="7" tag="651"><subfield code="a">South Dakota</subfield><subfield code="z">Mellette County.</subfield><subfield code="2">fast</subfield><subfield code="0">(OCoLC)fst01212331</subfield></datafield><datafield ind1=" " ind2="7" tag="651"><subfield code="a">South Dakota</subfield><subfield code="z">Mission.</subfield><subfield code="2">fast</subfield><subfield code="0">(OCoLC)fst01260858</subfield></datafield><datafield ind1=" " ind2="7" tag="651"><subfield code="a">South Dakota</subfield><subfield code="z">Rosebud Indian Reservation.</subfield><subfield code="2">fast</subfield><subfield code="0">(OCoLC)fst01241612</subfield></datafield><datafield ind1=" " ind2="7" tag="651"><subfield code="a">South Dakota</subfield><subfield code="z">Todd County.</subfield><subfield code="2">fast</subfield><subfield code="0">(OCoLC)fst01213870</subfield></datafield><datafield ind1=" " ind2="7" tag="651"><subfield code="a">South Dakota</subfield><subfield code="z">White River.</subfield><subfield code="2">fast</subfield><subfield code="0">(OCoLC)fst01288137</subfield></datafield><datafield ind1="0" ind2="2" tag="740"><subfield code="a">Eyapaha, Rosebud Sioux herald.</subfield></datafield><datafield ind1="0" ind2="2" tag="740"><subfield code="a">Eyapaha news.</subfield></datafield><datafield ind1=" " ind2=" " tag="752"><subfield code="a">United States</subfield><subfield code="b">South Dakota</subfield><subfield code="c">Todd</subfield><subfield code="d">Mission.</subfield></datafield><datafield ind1="1" ind2="4" tag="780"><subfield code="t">Todd County tribune (Mission, S.D. : 1921)</subfield><subfield code="w">(DLC)sn 96090219</subfield><subfield code="w">(OCoLC)35193600</subfield></datafield><datafield ind1="1" ind2="4" tag="780"><subfield code="t">Rosebud Sioux herald</subfield><subfield code="w">(DLC)sn 86091380</subfield><subfield code="w">(OCoLC)1764534</subfield></datafield><datafield ind1="0" ind2="0" tag="785"><subfield code="t">Todd County tribune (Mission, S.D. : 1974)</subfield><subfield code="w">(DLC)sn 93050716</subfield><subfield code="w">(OCoLC)1643883</subfield></datafield></record>